@misc{PCA,
    author    = {Mark Richardson},
    title     = {Principal Component Analysis},
	year = {2009}
}

@misc{faceRec,
    author    = {Kyungnam Kim},
    title     = {Face Recognition using Principle Component
Analysis},
	institution = {Department of Computer Science, University of Maryland, College Park MD 20742, USA},
}

@article{chiwawa,
author = {Mario I. Chacon M. and Pablo Rivas P. and and Graciela Ramirez A.},
title = {Fuzzy Clustering Approach for Face Recognition Based on Face Feature Lines and Eigenvectors},
journal = {Engineering Letters},
year = {2007},
}

@article{knuth1,
 author = {D. KNUTH, J.H. MORRIS and V. PRATT},
 title = {Fast Pattern Matching in Strings},
 journal = {SIAM Journal on Computing},
 year = {1977},
}
	
@article{ziv1,
 author = {J. ZIV and A. LEMPEL},
 title = {A Universal Algorithm for Sequential Data Compression},
 journal = {IEEE Transactions on Information Theory},
 year = {1977},
}

@article{storer1,
 author = {J.A. STORER and T.G. SZYMANSKI},
 title = {Data Compression via Textual Substitution},
 journal = {J.ACM},
 year = {1982},
} 
